@article{mahler2017dex,
  title={Dex-Net 2.0: Deep Learning to Plan Robust Grasps with Synthetic Point Clouds and Analytic Grasp Metrics},
  author={Mahler, Jeffrey and Liang, Jacky and Niyaz, Sherdil and Laskey, Michael and Doan, Richard and Liu, Xinyu and Ojea, Juan Aparicio and Goldberg, Ken},
  journal={arXiv preprint arXiv:1703.09312},
  year={2017}
}

@inproceedings{singh2014bigbird,
  title={Bigbird: A large-scale 3d database of object instances},
  author={Singh, Arjun and Sha, James and Narayan, Karthik S and Achim, Tudor and Abbeel, Pieter},
  booktitle={ICRA},
  pages={509--516},
  year={2014},
  organization={IEEE}
}

@article{pas2017grasp,
  title={Grasp Pose Detection in Point Clouds},
  author={Pas, Andreas ten and Gualtieri, Marcus and Saenko, Kate and Platt, Robert},
  journal={arXiv preprint arXiv:1706.09911},
  year={2017}
}

@inproceedings{pinto2016supersizing,
  title={Supersizing self-supervision: Learning to grasp from 50k tries and 700 robot hours},
  author={Pinto, Lerrel and Gupta, Abhinav},
  booktitle={ICRA},
  pages={3406--3413},
  year={2016},
  organization={IEEE}
}

@article{lenz2015deep,
  title={Deep learning for detecting robotic grasps},
  author={Lenz, Ian and Lee, Honglak and Saxena, Ashutosh},
  journal={IJRR},
  volume={34},
  number={4-5},
  pages={705--724},
  year={2015},
  publisher={SAGE Publications}
}

@inproceedings{jiang2011efficient,
  title={Efficient grasping from rgbd images: Learning using a new rectangle representation},
  author={Jiang, Yun and Moseson, Stephen and Saxena, Ashutosh},
  booktitle={ICRA},
  pages={3304--3311},
  year={2011},
  organization={IEEE}
}
